<?xml version="1.0" encoding="UTF-8"?><collection xmlns="http://www.loc.gov/MARC21/slim"><record><leader>00434nam--2200145-i-4500</leader><controlfield tag="001">000010556</controlfield><controlfield tag="002">20161230</controlfield><controlfield tag="005">20161230201028</controlfield><controlfield tag="008">060222s1000------------r-----000-0-eng-d</controlfield><datafield ind1=" " ind2=" " tag="080"><subfield code="a">015:681.14:681.3.06</subfield></datafield><datafield ind1=" " ind2=" " tag="100"><subfield code="a">Barbe, Claude</subfield></datafield><datafield ind1=" " ind2=" " tag="245"><subfield code="a">Systeme d`exploitation en temps partage. etude d`un systeme de pagination programme. these</subfield></datafield><datafield ind1=" " ind2=" " tag="260"><subfield code="a">Orsay, La Faculte Des Sciences D`Orsaay,1971. 242 P</subfield></datafield><datafield ind1=" " ind2=" " tag="490"><subfield code="a">Ser.A</subfield></datafield><datafield ind1=" " ind2=" " tag="852"><subfield code="a">38198</subfield></datafield></record></collection>